@misc{ bostromhistory,
       author = "Nick Bostrom",
       title = "A History of Transhumanist Thought",
       year = "2005" }
@misc{ oscarpistoriousandfuture,
       author = "G Wolbring",
       title = "Oscar Pistorius and the future nature of Olympic, Paralympic and other sports",
       year = "2008",
       url = "http://www2.law.ed.ac.uk/ahrc/script-ed/vol5-1/wolbring.asp" 
       bibsource = "SCRIPTed 139, http://www2.law.ed.ac.uk/ahrc/script-ed/vol5-1/wolbring.asp"}
@misc{ NBICReport,
       author = "US Government",
       title = "Converging Technologies for Improving Human Performance",
       year = "2002"}
@misc{ FutureMinds,
       author = "Susan Schneider",
       title = "Future Minds: Transhumanism, Cognitive Enhancement and the Nature of Persons",
       year = "2008"}     
   